@article{schanutz,
  title={Das Neue Deutsche Geb{\"a}udeenergiegesetz: Mehr Schaden Als Nutzen (The New German Building Energy Act: More Costs than Benefits)},
  author={Greiner, Alfred},
  journal={Available at SSRN 4634582},
  year={2023}
}

@phdthesis{luwaibe,
  title={Luft-Wasser-W{\"a}rmepumpen in Bestandsgeb{\"a}uden: Ermittlung der CO2-Emission im Betrieb bei unterschiedlicher energetischer Sanierung},
  author={Kasimova, Nigina},
  year={2023},
  school={Hochschule f{\"u}r Angewandte Wissenschaften Hamburg}
}
@article{neugeb,
  title={Das neue Geb{\"a}udeenergiegesetz},
  author={S{\"o}llner, Fritz},
  journal={Wirtschaftsdienst},
  volume={103},
  number={9},
  pages={619--623},
  year={2023}
}
@techreport{bauermann2023staatlichem,
  title={Mit staatlichem Sanierungskapital die W{\"a}rmewende unterst{\"u}tzen: Ein Vorschlag f{\"u}r ein neues Instrument, um die Akzeptanz strengerer Heizungsstandards zu erh{\"o}hen},
  author={Bauermann, Tom and Dullien, Sebastian and Martin, Carolin},
  year={2023},
  institution={IMK Policy Brief}
}